%% This BibTeX bibliography file was created using BibDesk.
%% http://bibdesk.sourceforge.net/

%% Saved with string encoding Unicode (UTF-8) 


@article{grepory2010,
	title = {Object Recognition using 3D SIFT in Complex CT Volumes},
	author = {Flitton, Gregory and Breckon, Toby and Megherbi Bouallagu, Najla},
	year = {2010},
	pages = {11.1--11.12},
	Journal = {Proceedings of the British Machine Vision Conference},
}

@article{alex2008,
	title = {A  Spatio-Temporal Descriptor Based on 3D-Gradients },
	author = {Alexander Klaser and Marcin Marszalek and Cordelia Schmid},
	year = {2008},
	pages = {275:1-10},
	Journal = {British Machine Vision Association},
}

@article{paul2007,
	title = {A 3-dimensional sift descriptor and its application to action recognition},
	author = {Paul Scovanner and Saad Ali and Mubarak Shah},
	year = {2007},
	pages = {357--360},
	Journal = {15th ACM}
}

@article{wang2013,
	title = {Action recognition with improved trajectories},
	author = {Heng Wang and Cordelia Schmid},
	year = {2013},
	pages = {},
	Journal = {IEEE International Conference on Computer Vision}
}

@article{wang2012,
	title = {Dense trajectories and motion boundary descriptors for
	action recognition
},
	author = {Heng Wang and Alexander Klaser and Cordelia Schmid and Cheng-Lin Liu},
	year = {2013},
	pages = {60-79},
	Journal = {IJCV}
}

@article{karpathy2014,
	title = {Large-scale Video Classification with Convolutional Neural Networks},
	author = {Andrej Karpathy and George Toderici and Sanketh Shetty and Thomas Leung and Rahul Sukthankar and Li Fei-Fei},
	year = {2014},
	pages = {},
	Journal = {CVPR}
}

@article{Simonyan2015,
	title = {VERY DEEP CONVOLUTIONAL NETWORKS FOR LARGE-SCALE IMAGE RECOGNITION},
	author = {Karen Simonyan and Andrew Zisserman},
	year = {2015},
	pages = {},
	Journal = {ICLR 2015}
}

@article{simonyan2014,
	title = {Two-Stream Convolutional Networks for Action Recognition in Videos},
	author = {Karen Simonyan and Andrew Zisserman},
	year = {2014},
	pages = {},
	Journal = {CVPR}
}

@article{donahue2015,
	title = {Long-term Recurrent Convolutional Networks for Visual Recognition and Description},
	author = {Jeff Donahue and Lisa Anne Hendricks and Sergio Guadarrama et al.},
	year = {2015},
	pages = {},
	Journal = {CVPR}
}

@article{lowe1999,
	title = {Object Recognition from Local Scale-Invariant Features},
	author = {David G. Lowe},
	year = {1999},
	pages = {},
	Journal = {ICCV}
}

@article{Tran2015,
	title = {Learning Spatiotemporal Features with 3D Convolutional Networks},
	author = {Du Tran and Lubomir Bourdev and Rob Fergus and Lorenzo Torresani and Manohar Paluri},
	year = {2015},
	pages = {},
	Journal = {ICCV}
}

@article{Ji2013,
	title = {3D Convolutional Neural Networks for Human Action Recognition},
	author = {Shuiwang Ji and Wei Xu and Ming Yang and Kai Yu},
	year = {2013},
	pages = {},
	Journal = {IEEE TPAMI}
}

@article{Ng2015,
	title = {Beyond Short Snippets: Deep Networks for Video Classification},
	author = {Joe Yue-Hei Ng and Matthew Hausknecht and Sudheendra Vijayanarasimhan and Oriol Vinyals and Rajat Monga and George Toderici},
	year = {2015},
	pages = {},
	Journal = {CVPR}
}

@article{lowe2004,
	title = {Distinctive Image Features from Scale-Invariant Keypoints},
	author = {David G. Lowe },
	year = {2004},
	pages = {},
	Journal = {IJCV}
}
@article{weizmann2005,
	title = {Actions as Space-Time Shapes},
	author = {Moshe Blank and Lena Gorelick and Eli Shechtman and Michal Irani and Ronen Basri},
	year = {2005},
	pages = {},
	Journal = {ICCV}
}

@article{ning2005,
	title = {Toward Automatic Phenotyping of Developing
	Embryos from Videos},
	author = {Feng Ning and Damien Delhomme and Yann LeCun and
	Fabio Pianoand LÂ´eon Bottou and Paolo Emilio Barbano
},
	year = {2005},
	pages = {1360-1371},
	Journal = {IEEE Trans. on Image Processing}
}

@article{kriz2012,
	title = {ImageNet Classification with Deep Convolutional
	Neural Networks
},
	author = {Alex Krizhevsky and Ilya Sutskever and Geoffrey E. Hinton},
	year = {2012},
	pages = {},
	Journal = {NIPS}
}


@article{zeiler2014,
	title = {Visualizing and Understanding
	Convolutional Networks},
	author = {Matthew D. Zeiler and Rob Fergus},
	year = {2014},
	pages = {},
	Journal = {ECCV}
}

% interaction related papers
@article{patron2010,
	title = {High Five: Recognising human interactions in TV shows
},
	author = {Alonso Patron-Perez and Marcin Marszalek and Andrew Zisserman and Ian Reid},
	year = {2010},
	pages = {},
	Journal = {BMVC}
}

@article{Gemeren2015,
	title = {Spatio-Temporal Detection of Fine-Grained Dyadic Human Interactions},
	author = {Coert van Gemeren and Ronald Poppe and Remco C. Veltkamp},
	year = {2016},
	pages = {},
	Journal = {Human Behavior Understanding. HBU 2016. Lecture Notes in Computer Science, vol 9997. Springer, Cham}
}

@article{narayan2014,
	title = {Action and Interaction Recognition in First-person videos
},
	author = {Sanath Narayan and Mohan S. Kankanhalli and Kalpathi R. Ramakrishnan},
	year = {2014},
	pages = {},
	Journal = {CVPR}
}

@article{choi2012,
	title = {A Unified Framework for Multi-Target Tracking and Collective Activity Recognition},
	author = {Wongun Choi and Silvio Savarese},
	year = {2012},
	pages = {},
	Journal = {ECCV}
}


@article{hog,
	title = {Histograms of oriented gradients for human detection},
	author = {N. Dalal and B. Triggs},
	year = {2005},
	pages = {},
	Journal = {CVPR}
}

@article{hof,
	title = {Human Detection Using Oriented Histograms of Flow and Appearance},
	author = {Navneet Dalal and Bill Triggs and Cordelia Schmid},
	year = {2006},
	pages = {},
	Journal = {ECCV}
}

@article{bov,
	title = {Human Detection Using Oriented Histograms of Flow and Appearance},
	author = {Piotr Dollar and Vincent Rabaud and Garrison Cottrell and Serge Belongie},
	year = {2005},
	pages = {},
	Journal = {VS-PETS}
}

@article{cnn,
	title = {Gradient based learning applied to document recognition},
	author = {Yann LeCun and Leon Bottou and Yoshua Bengio and Patrick Haffner},
	year = {1998},
	pages = {},
	Journal = {IEEE}
}

@article{3dcnn_1,
	title = {Sequential Deep Learning for Human Action Recognition},
	author = {Moez Baccouche and Franck Mamalet and Christian Wolf and Christophe Garcia and Atilla Baskurt},
	year = {2011},
	pages = {29 - 39},
	Journal = {Springer}
}

@article{kaiming,
	title = {Delving Deep into Rectifiers: Surpassing Human-Level Performance on ImageNet Classification},
	author = {Kaiming He and Xiangyu Zhang and Shaoqing Ren and Jian Sun},
	year = {2015},
	pages = {1026- 1034},
	Journal = {ICCV}
}

@article{yimeng,
	title = {Spatio-Temporal Phrases for Activity Recognition},
	author = {Yimeng Zhang and Xiaoming Liu and MingChing Chang and Weina Ge and Tsuhan Chen},
	year = {2012},
	Journal = {ECCV}
}

@article{yu,
	title = {Learning Human Interaction by Interactive Phrases},
	author = {Yu Kong and Yunde Jia and Yun Fu},
	year = {2012},
	Journal = {ECCV}
}

@article{bpa,
	title = {Learning representations by back-propagating errors},
	author = {David E. Rumelhart and Geoffrey E. Hinton and Ronald J. Williams},
	year = {1986},
	pages = {696 - 699}
	Journal = {Neurocomputing: foundations of research}
}

@article{adam,
	title = {Adam: A Method for Stochastic Optimization},
	author = {Diederik P. Kingma and Jimmy Ba},
	year = {2015},
	pages = {}
	Journal = {ICLR2015}
}

@article{xavier,
	title = {Understanding the difficulty of training deep feedforward neural networks
},
	author = {Xavier Glorot and Yoshua Bengio},
	year = {2010},
	pages = {}
	Journal = {Journal of Machine Learning Research}
}

@article{dropout,
	title = {Dropout: A Simple Way to Prevent Neural Networks from Overfitting},
	author = {Nitish Srivastava and Geoffrey Hinton  and Alex Krizhevsky and Ilya Sutskever and Ruslan Salakhutdinov},
	year = {2014},
	pages = {}
	Journal = {Journal of Machine Learning Research}
}

@article{bn,
	title = {Batch Normalization: Accelerating Deep Network Training by Reducing Internal Covariate Shift},
	author = {Sergey Ioffe and Christian Szegedy},
	year = {2015},
	pages = {}
	Journal = {arXiv:1502.03167}
}

@article{raptis,
	title = {Poselet Key-framing: A Model for Human Activity Recognition},
	author = {Michalis Raptis and Leonid Sigal},
	year = {2013},
	pages = {}
	Journal = {CVPR2013}
}

@article{raptis,
	title = {Poselet Key-framing: A Model for Human Activity Recognition},
	author = {Michalis Raptis and Leonid Sigal},
	year = {2013},
	pages = {}
	Journal = {CVPR2013}
}

@article{ryoo2011,
	title = {Human Activity Prediction:	Early Recognition of Ongoing Activities from Streaming Videos},
	author = {M. S. Ryoo},
	year = {2011},
	pages = {}
	Journal = {ICCV2011}
}

% datasets
 
@article{kth,
	title = {Recognizing Human Actions: A Local SVM Approach},
	author = {Christian Schuldt and Ivan Laptev and Barbara Caputo},
	year = {2004},
	pages = {},
	Journal = {ICPR}
}

@article{marszalek09,
	title = {Actions in Context},
	author = {Marcin Marsza{\l}ek and Ivan Laptev and Cordelia Schmid},
	year = {2009},
	pages = {},
	Journal = {CVPR}
}

@article{ucf101,
	title = {UCF101: A Dataset of 101 Human Actions
	Classes From Videos in The Wild},
	author = {Khurram Soomro and Amir Roshan Zamir and Mubarak Shah
},
	year = {2012},
	pages = {},
	Journal = {CRCV-TR}
}

@article{activitynet200,
	title = {ActivityNet: A large-scale video benchmark for human activity understanding},
	author = {Fabian Caba Heilbron and Victor Escorcia and Bernard Ghanem},
	year = {2015},
	pages = {},
	Journal = {CVPR}
}

@article{ut2010,
	title = {UT-Interaction Dataset},
	author = {Ryoo, M. S. and Aggarwal, J. K},
	year = {2010},
	pages = {},
	howpublished = {http://cvrc.ece.utexas.edu/SDHA2010/Human\_Interaction.html}
}

@article{shakefive2,
	title = {Spatio-Temporal Detection of Fine-Grained
	Dyadic Human Interactions},
	author = {Coert van Gemeren and Ronald Poppe and Remco C. Veltkamp},
	year = {2016},
	pages = {116--133},
	Journal = {7th International Workshop on Human Behavior Understanding 2016}
}

@article{m2i_tju,
	author = {Ning Xu and Anan Liu and Weizhi Nie and Yongkang Wong and Fuwu Li and Yuting Su},
	title = {Multi-modal \& Multi-view \& Interactive Benchmark Dataset for Human Action Recognition},
	year = {2015},
	Journal = {ICME 2015}
}

@article{inria_person,
	author = {Navneet Dalal and Bill Triggs},
	title = {Histograms of Oriented Gradients for Human Detection},
	year = {2005},
	Journal = {CVPR}
}

@article{aslan,
	title = {The Action Similarity Labeling Challenge},
	author = {Orit Kliper-Gross, Orit Kliper-Gross, Lior Wolf},
	year = {2012},
	pages = {615--621},
	Journal = {IEEE Transactions on Pattern Analysis and Machine Intelligence}
}












